@inproceedings{AC:Tessaro15,
    author    = {Stefano Tessaro},
    title     = {Optimally Secure Block Ciphers from Ideal Primitives},
    booktitle = {{ASIACRYPT}'15},
    series    = {LNCS},
    volume    = 9453,
    pages     = {437--462},
    publisher = {Springer},
    year      = 2015,
    doi       = {10.1007/978-3-662-48800-3\_18},
}

