@InProceedings{C:LAAZ11,
  author =       "Gregor Leander and
                  Mohamed Ahmed Abdelraheem and
                  Hoda AlKhzaimi and
                  Erik Zenner",
  title =        "A Cryptanalysis of {PRINTcipher}: The Invariant Subspace Attack",
  booktitle =    "CRYPTO~2011",
  year =         2011,
  doi =          "10.1007/978-3-642-22792-9_12",
}

@InProceedings{C:BCLR17,
  author =       "Christof Beierle and
                  Anne Canteaut and
                  Gregor Leander and
                  Yann Rotella",
  title =        "Proving Resistance Against Invariant Attacks: How to Choose the Round Constants",
  booktitle =    "CRYPTO~2017, Part~II",
  doi =          "10.1007/978-3-319-63715-0_22",
  eprinttype =   {iacr},
  year =         2017,
  eprint =       {2017/463},
}

@InProceedings{EC:LeaMinRon15,
  author =       "Gregor Leander and
                  Brice Minaud and
                  Sondre R{\o}njom",
  title =        "A Generic Approach to Invariant Subspace Attacks: Cryptanalysis of Robin, {iSCREAM} and {Zorro}",
  booktitle =    "EUROCRYPT~2015, Part~I",
  year =         2015,
  doi =          "10.1007/978-3-662-46800-5_11",
}

@InProceedings{AC:TodLeaSas16,
  author =       "Yosuke Todo and
                  Gregor Leander and
                  Yu Sasaki",
  title =        "Nonlinear Invariant Attack - Practical Attack on Full {SCREAM}, {iSCREAM}, and {Midori64}",
  booktitle =    "ASIACRYPT~2016, Part~II",
  year =         2016,
  doi =          "10.1007/978-3-662-53890-6_1",
}

@Article{ToSC:GraRecRon16,
  author =       "Lorenzo Grassi and
                  Christian Rechberger and
                  Sondre R{\o}njom",
  title =        "Subspace Trail Cryptanalysis and its Applications to {AES}",
  volume =       2016,
  year =         2016,
  journal =      "{ToSC}",
  number =       2,
  doi =          "10.13154/tosc.v2016.i2.192-225",
}

@Article{ToSC:GJNQSM16,
  author =       "Jian Guo and
                  J{\'{e}}r{\'{e}}my Jean and
                  Ivica Nikolic and
                  Kexin Qiao and
                  Yu Sasaki and
                  Siang Meng Sim",
  title =        "Invariant Subspace Attack Against {Midori64} and The Resistance Criteria for {S-box} Designs",
  volume =       2016,
  year =         2016,
  journal =      "{ToSC}",
  number =       1,
  doi =          "10.13154/tosc.v2016.i1.33-56",
}


@Article{ToSC:LeaTezWie18,
  author =       "Gregor Leander and
                  Cihangir Tezcan and
                  Friedrich Wiemer",
  title =        "Searching for Subspace Trails and Truncated Differentials",
  volume =       2018,
  year =         2018,
  journal =      "{ToSC}",
  number =       1,
  doi =          "10.13154/tosc.v2018.i1.74-100",
}

@Article{ToSC:HalVej18,
  author =       "Mathias Hall-Andersen and
                  Philip S. Vejre",
  title =        "Generating Graphs Packed with Paths",
  volume =       2018,
  year =         2018,
  journal =      "{ToSC}",
  number =       3,
  doi =          "10.13154/tosc.v2018.i3.265-289",
}


@InProceedings{AC:XZBL16,
  author =       "Zejun Xiang and
                  Wentao Zhang and
                  Zhenzhen Bao and
                  Dongdai Lin",
  title =        "Applying {MILP} Method to Searching Integral Distinguishers Based on Division Property for 6 Lightweight Block Ciphers",
  booktitle =    "ASIACRYPT~2016, Part~I",
  doi =          "10.1007/978-3-662-53887-6_24",
  year =         2016,
  eprinttype =   {iacr},
  eprint =       {2016/857},
}

