@inproceedings{AC16:TLS,
  author    = {Yosuke Todo and
               Gregor Leander and
               Yu Sasaki},
  title     = {{Nonlinear Invariant Attack - Practical Attack on Full SCREAM, iSCREAM,
               and Midori64}},
  booktitle = {{ASIACRYPT} {(2)}},
  series    = {LNCS},
  volume    = {10032},
  pages     = {3--33},
  year      = {2016}
}
