@inproceedings{new_hope,
    author    = {Erdem Alkim and
                 L{\'{e}}o Ducas and
                 Thomas P{\"{o}}ppelmann and
                 Peter Schwabe},
    title     = {{Post-quantum Key Exchange - {A} New Hope}},
    booktitle = {{USENIX} Security Symposium},
    pages     = {327--343},
    publisher = {{USENIX} Association},
    year      = {2016}
}

@online{idp2016,
    author    = {Facebook},
    title     = {{Internet Defense Prize}},
    year      = 2016,
    url       = {https://internetdefenseprize.org/},
}

@online{google_new_hope,
    author    = {Google},
    title     = {{Experimenting with Post-Quntum Cryptography}},
    url       = {https://security.googleblog.com/2016/07/experimenting-with-post-quantum.html},
}

@online{google_new_hope2,
    author    = {Google},
    title     = {{CECPQ1 results}},
    url       = {https://www.imperialviolet.org/2016/11/28/cecpq1.html},
}

@article{riddle_enigma,
    author    = {Neal Koblitz and
                 Alfred Menezes},
    title     = {A Riddle Wrapped in an Enigma},
    journal   = {{IACR} Cryptology ePrint Archive},
    volume    = {2015},
    pages     = {1018},
    year      = 2015
}

@article{shor,
    author    = {Lior Eldar and
                 Peter W. Shor},
    title     = {{An Efficient Quantum Algorithm for a Variant of the Closest Lattice-Vector Problem}},
    journal   = {arXiv Preprint Archive},
    year      = 2016,
    url       = {https://arxiv.org/abs/1611.06999},
}

@online{regev,
    author    = {Oded Regev},
    title     = {{Regarding the arXiv preprint by Eldar and Shor}},
    url       = {https://groups.google.com/forum/#!topic/cryptanalytic-algorithms/WNMuTfJuSRc},
}

@article{babai,
  author    = {L{\'{a}}szl{\'{o}} Babai},
  title     = {{On Lov{\'{a}}sz' lattice reduction and the nearest lattice point
               problem}},
  journal   = {Combinatorica},
  volume    = {6},
  number    = {1},
  pages     = {1--13},
  year      = {1986}
}

@inproceedings{lindner_peikert,
  author    = {Richard Lindner and
               Chris Peikert},
  title     = {{Better Key Sizes (and Attacks) for LWE-Based Encryption}},
  booktitle = {{CT-RSA}},
  series    = {Lecture Notes in Computer Science},
  volume    = {6558},
  pages     = {319--339},
  publisher = {Springer},
  year      = {2011}
}

@inproceedings{gama,
  author    = {Nicolas Gama and
               Phong Q. Nguyen and
               Oded Regev},
  title     = {Lattice Enumeration Using Extreme Pruning},
  booktitle = {{EUROCRYPT}},
  series    = {Lecture Notes in Computer Science},
  volume    = {6110},
  pages     = {257--278},
  publisher = {Springer},
  year      = {2010}
}

@inproceedings{BKW,
  author    = {Paul Kirchner and
               Pierre{-}Alain Fouque},
  title     = {An Improved {BKW} Algorithm for {LWE} with Applications to Cryptography
               and Lattices},
  booktitle = {{CRYPTO} {(1)}},
  series    = {Lecture Notes in Computer Science},
  volume    = {9215},
  pages     = {43--62},
  publisher = {Springer},
  year      = {2015}
}

@unpublished{binary_matrix,
  author    = {Steven D. Galbraith},
  title     = {{Space-efficient variants of cryptosystems based on learning with errors}},
  url       = {https://www.math.auckland.ac.nz/~sgal018/compact-LWE.pdf}
}

@inproceedings{acns,
  author    = {Elena Kirshanova and
               Alexander May and
               Friedrich Wiemer},
  title     = {{Parallel Implementation of {BDD} Enumeration for {LWE}}},
  booktitle = {{ACNS}},
  series    = {Lecture Notes in Computer Science},
  volume    = {9696},
  pages     = {580--591},
  publisher = {Springer},
  year      = {2016}
}
