@inproceedings{EC93:Mat,
  author    = {Mitsuru Matsui},
  title     = {{Linear Cryptanalysis Method for {DES} Cipher}},
  booktitle = {{EUROCRYPT}},
  series    = {LNCS},
  volume    = {765},
  pages     = {386--397},
  publisher = {Springer},
  year      = {1993}
}

@inproceedings{C:LAAZ11,
  author    = {Gregor Leander and
               Mohamed Ahmed Abdelraheem and
               Hoda AlKhzaimi and
               Erik Zenner},
  title     = {{A Cryptanalysis of PRINTcipher: The Invariant Subspace Attack}},
  booktitle = {{CRYPTO}},
  series    = {LNCS},
  volume    = {6841},
  pages     = {206--221},
  publisher = {Springer},
  year      = {2011}
}

@inproceedings{AC16:TLS,
  author    = {Yosuke Todo and
               Gregor Leander and
               Yu Sasaki},
  title     = {{Nonlinear Invariant Attack - Practical Attack on Full SCREAM, iSCREAM,
               and Midori64}},
  booktitle = {{ASIACRYPT} {(2)}},
  series    = {LNCS},
  volume    = {10032},
  pages     = {3--33},
  year      = {2016}
}
