@article{ToSC:GraRecRon16,
    author    = {Lorenzo Grassi and
                 Christian Rechberger and
                 Sondre R{\o}njom},
    title     = {Subspace Trail Cryptanalysis and its Applications to {AES}},
    journal   = {{IACR} Trans. Symmetric Cryptol.},
    volume    = 2016,
    number    = 2,
    pages     = {192--225},
    year      = 2016,
    doi       = {10.13154/tosc.v2016.i2.192-225},
}

@inproceedings{C:GAAZ11,
    author    = {Gregor Leander and
                 Mohamed Ahmed Abdelraheem and
                 Hoda AlKhzaimi and
                 Erik Zenner},
    title     = {A Cryptanalysis of PRINTcipher: The Invariant Subspace Attack},
    booktitle = {{CRYPTO}'11},
    series    = {LNCS},
    volume    = 6841,
    pages     = {206--221},
    publisher = {Springer},
    year      = 2011,
    doi       = {10.1007/978-3-642-22792-9_12},
}

@inproceedings{FSE:Knudsen94,
    author    = {Lars R. Knudsen},
    title     = {Truncated and Higher Order Differentials},
    booktitle = {{FSE}'94},
    series    = {LNCS},
    volume    = 1008,
    pages     = {196--211},
    publisher = {Springer},
    year      = 1994,
    doi       = {10.1007/3-540-60590-8_16},
}

@inproceedings{FSE:BloLeaNyb14,
    author    = {C{\'{e}}line Blondeau and
                 Gregor Leander and
                 Kaisa Nyberg},
    title     = {Differential-Linear Cryptanalysis Revisited},
    booktitle = {{FSE}'14},
    series    = {LNCS},
    volume    = 8540,
    pages     = {411--430},
    publisher = {Springer},
    year      = 2014,
    doi       = {10.1007/978-3-662-46706-0_21},
}
