@book{rijndael_book,
  author    = {Joan Daemen and
               Vincent Rijmen},
  title     = {{The Design of Rijndael: {AES} - The Advanced Encryption Standard}},
  series    = {Information Security and Cryptography},
  publisher = {Springer},
  year      = {2002},
  isbn      = {3-540-42580-2},
  doi       = {10.1007/978-3-662-04722-4},
}

@book{lidl_niederreiter,
  author    = {Rudolf Lidl and
               Harald Niederreiter},
  title     = {Finite Fields},
  isbn      = {9780521392310},
  series    = {EBL-Schweitzer},
  year      = 1997,
  publisher = {Cambridge University Press},
}

@misc{aes:twofish,
    author = {Bruce Schneier and
              John Kelsey and
              Doug Whiting and
              David Wagner and
              Chris Hall and
              Niels Ferguson},
    title = {Twofish: A 128-Bit Block Cipher},
    booktitle = {First Advanced Encryption Standard (AES) Conference},
    year = {1998},
}

@misc{nessie:anubis,
    author = "Paulo Barreto and
              Vincent Rijmen",
    title = "The {ANUBIS} Block Cipher",
    howpublished = "First Open NESSIE Workshop"
}

@misc{nessie:khazad,
    author = "Paulo Barreto and
              Vincent Rijmen",
    title = "The {Khazad} legacy-level Block Cipher",
    howpublished = "First Open NESSIE Workshop",
}

@misc{nessie:whirlpool,
    author = "Paulo Barreto and
              Vincent Rijmen",
    title = "The \textsc{Whirlpool} Hashing Function",
    howpublished = "First Open NESSIE Workshop",
}

@misc{caesar:joltik,
    author = {J{\'e}r{\'e}my Jean and
              Ivica Nikoli{\'{c}} and
              Thomas Peyrin},
    title  = "Joltik",
    year   = 2014,
    howpublished = "Submission to the CAESAR competition",
}

@misc{caesar:primates,
    author = {Elena Andreeva and
              Beg{\"{u}}l Bilgin and
              Andrey Bogdanov and
              Atul Luykx and
              Florian Mendel and
              Bart Mennink and
              Nicky Mouha and
              Qingju Wang and
              Kan Yasuda},
    title  = {{PRIMATEs} v1.02},
    year   = 2014,
    howpublished = "Submission to the CAESAR competition",
}

@misc{sha3:grostl,
    author  = {Praveen Gauravaram and
               Lars R. Knudsen and
               Krystian Matusiewicz and
               Florian Mendel and
               Christian Rechberger and
               Martin Schl{\"{a}}ffer and
               S{\o}ren S. Thomsen},
    title   = {Gr{\o}stl -- a {SHA}-3 candidate},
    howpublished = {Submitted to SHA-3},
}

@article{MM:Wardlaw94,
  author    = {William P. Wardlaw},
  title     = {Matrix Representation of Finite Fields},
  journal   = {Mathematics Magazine},
  volume    = 67,
  number    = 4,
  pages     = {289--293},
  publisher = {Mathematical Association of America},
  year      = 1994,
  issn      = {0025570X, 19300980},
}

@inproceedings{SBSEG:FilBarRij06,
    author = {D{\'{e}}cio Luiz Gazzoni Filho and
              Paulo S L M Barreto and
              Vincent Rijmen},
    title  = {The \textsc{Maelstrom-0} Hash Function},
    year   = 2006,
}

@article{CL:LacFim04,
  author    = {J{\'{e}}r{\^{o}}me Lacan and
               J{\'{e}}r{\^{o}}me Fimes},
  title     = {Systematic {MDS} erasure codes based on {V}andermonde matrices},
  journal   = {{IEEE} Communications Letters},
  volume    = {8},
  number    = {9},
  pages     = {570--572},
  year      = 2004,
  doi       = {10.1109/LCOMM.2004.833807},
}

@article{IJNSEC:NakAbr09,
  author    = {Jorge Nakahara Jr. and
               {\'{E}}lcio Abrah{\~{a}}o},
  title     = {A New Involutory {MDS} Matrix for the {AES}},
  journal   = {I. J. Network Security},
  volume    = {9},
  number    = {2},
  pages     = {109--116},
  year      = 2009,
  url       = {http://ijns.femto.com.tw/contents/ijns-v9-n2/ijns-2009-v9-n2-p109-116.pdf},
}

@inproceedings{SAT:FuhSch10,
  author    = {Carsten Fuhs and
               Peter Schneider{-}Kamp},
  title     = {Synthesizing Shortest Linear Straight-Line Programs over {GF(2)} Using {SAT}},
  booktitle = {{SAT}},
  series    = {LNCS},
  volume    = {6175},
  pages     = {71--84},
  publisher = {Springer},
  year      = 2010,
  doi       = {10.1007/978-3-642-14186-7_8},
}

@inproceedings{ISIT:Paar97,
  title     = {Optimized Arithmetic for Reed-Solomon Encoders},
  author    = {Christof Paar},
  booktitle = {ISIT},
  year      = 1997,
  publisher = {IEEE},
  doi       = {10.1109/ISIT.1997.613165},
}

@article{ITIT:BlaRot99,
  author    = {Mario Blaum and
               Ron M. Roth},
  title     = {On Lowest Density {MDS} Codes},
  journal   = {{IEEE} Trans. Information Theory},
  volume    = {45},
  number    = {1},
  pages     = {46--59},
  year      = {1999}
}

@inproceedings{ISPEC:GupRay14,
  author    = {Kishan Chand Gupta and
               Indranil Ghosh Ray},
  title     = {On Constructions of Circulant {MDS} Matrices for Lightweight Cryptography},
  booktitle = {{ISPEC}},
  series    = {LNCS},
  volume    = {8434},
  pages     = {564--576},
  publisher = {Springer},
  year      = 2014,
}

@article{DES:BNNRT10,
  author    = {Paulo S. L. M. Barreto and
               Ventzislav Nikov and
               Svetla Nikova and
               Vincent Rijmen and
               Elmar Tischhauser},
  title     = {Whirlwind: a new cryptographic hash function},
  journal   = {Des. Codes Cryptography},
  volume    = {56},
  number    = {2--3},
  pages     = {141--162},
  year      = 2010,
  doi       = {10.1007/s10623-010-9391-y},
}

@inproceedings{MFCS:BoyMatPer08,
  author    = {Joan Boyar and
               Philip Matthews and
               Ren{\'e} Peralta},
  title     = {On the Shortest Linear Straight-Line Program for Computing Linear Forms},
  booktitle = {{MFCS} 2008},
  series    = {LNCS},
  volume    = {5162},
  pages     = {168--179},
  year      = {2008},
  doi       = {10.1007/978-3-540-85238-4_13},
}

@inproceedings{SEA:BoyPer10,
  author    = {Joan Boyar and
               Ren{\'e} Peralta},
  title     = {A New Combinational Logic Minimization Technique with Applications to Cryptology},
  booktitle = {{SEA} 2010},
  series    = {LNCS},
  volume    = {6049},
  pages     = {178--189},
  year      = {2010},
  doi       = {10.1007/978-3-642-13193-6_16},
}

@phdthesis{daemen1995,
  title={Cipher and hash function design strategies based on linear and differential cryptanalysis},
  author={Daemen, Joan},
  year={1995},
  school={Doctoral Dissertation, March 1995, KU Leuven}
}

@book{error_correcting_codes,
   title = "The theory of Error-Correcting Codes",
   author = "MacWilliams, Florence Jessie and Sloane, Neil James Alexander",
   publisher = "North-Holland Publishing Company",
   year = 1977
}

@Article{Segre1955,
author="Segre, Beniamino",
title="Curve razionali normali ek-archi negli spazi finiti",
journal="Annali di Matematica Pura ed Applicata",
year="1955",
month=dec,
volume="39",
number="1",
pages="357--379",
issn="1618-1891",
doi="10.1007/BF02410779"
}

@unpublished{BFA:BoyFinPer17,
    author  = {Joan Boyar and
               Magnus Gausdal Find and
               Ren{\'e} Peralta},
    title   = {Low-Depth, Low-Size Circuits for Cryptographic Applications},
    howpublished = {{BFA} 2017},
    year    = {2017},
}

@inproceedings{IWIL2010:FuhSch10,
  author    = {Carsten Fuhs and Peter Schneider-Kamp},
  title     = {Optimizing the AES S-Box using SAT},
  booktitle = {IWIL 2010. The 8th International Workshop on the Implementation of Logics},
  editor    = {Geoff Sutcliffe and Stephan Schulz and Eugenia Ternovska},
  series    = {EPiC Series in Computing},
  volume    = {2},
  pages     = {64--70},
  year      = {2012},
  publisher = {EasyChair},
  issn      = {2398-7340}
}

@Article{DES:SajDakMalOmo12,
author="Sajadieh, Mahdi
        and Dakhilalian, Mohammad
        and Mala, Hamid
        and Omoomi, Behnaz",
title="On construction of involutory {MDS} matrices from Vandermonde Matrices in {$\text{GF}(2^q)$}",
journal="Designs, Codes and Cryptography",
year="2012",
month=sep,
volume="64",
number="3",
pages="287--308",
issn="1573-7586",
doi="10.1007/s10623-011-9578-x"
}

%@misc{EPRINT:ZhoWanSun17,
%    author = {Lijing Zhou, Licheng Wang and Yiru Sun},
%    title = {On the Construction of Lightweight Orthogonal MDS Matrices},
%    howpublished = {Cryptology ePrint Archive, Report 2017/371},
%    year = {2017},
%    note = {\url{http://eprint.iacr.org/2017/371}},
%}

%@article{ToSC:LiWan17,
%	author = {Chaoyun Li and Qingju Wang},
%	title = {Design of Lightweight Linear Diffusion Layers from Near-MDS Matrices},
%	journal = {IACR Transactions on Symmetric Cryptology},
%	volume = {2017},
%	number = {1},
%	year = {2017},
%	keywords = {lightweight cryptography; diffusion layer; near-MDS matrix; branch number},
%	issn = {2519-173X},	pages = {129--155},	doi = {10.13154/tosc.v2017.i1.129-155},
%	url = {https://tosc.iacr.org/index.php/ToSC/article/view/588}
%}

@inproceedings{AFC:SarSim16,
	author={Sarkar, Sumanta and Sim, Siang Meng},
	title={A Deeper Understanding of the {XOR} Count Distribution in the Context of Lightweight Cryptography},
	pages={167-182},
	editor={Pointcheval, David and Nitaj, Abderrahmane and Rachidi, Tajjeeddine},
	booktitle={AFRICACRYPT 2016},
	volume={9646},
	publisher={Springer International Publishing},
	series={LNCS},
	year={2016}
}

