@InProceedings{C:BCLR17,
  author =       "Christof Beierle and
                  Anne Canteaut and
                  Gregor Leander and
                  Yann Rotella",
  title =        "Proving Resistance Against Invariant Attacks: How to Choose the Round Constants",
  pages =        "647--678",
  editor =       "Jonathan Katz and Hovav Shacham",
  booktitle =    "CRYPTO~2017, Part~II",
  volume =       10402,
  month =        aug,
  publisher =    "Springer, Heidelberg",
  series =       "{LNCS}",
  year =         2017,
  doi =          "10.1007/978-3-319-63715-0_22",
  eprinttype =   {iacr},
  eprint =       {2017/463},
}

@Article{ToSC:LeaTezWie18,
  author =       "Gregor Leander and
                  Cihangir Tezcan and
                  Friedrich Wiemer",
  title =        "Searching for Subspace Trails and Truncated Differentials",
  pages =        "74--100",
  volume =       2018,
  publisher =    "Ruhr-Universit{\"a}t Bochum",
  year =         2018,
  journal =      "{IACR} Trans. Symm. Cryptol.",
  number =       1,
  doi =          "10.13154/tosc.v2018.i1.74-100",
  issn =         "2519-173X",
}

@InProceedings{AC:XZBL16,
  author =       "Zejun Xiang and
                  Wentao Zhang and
                  Zhenzhen Bao and
                  Dongdai Lin",
  title =        "Applying {MILP} Method to Searching Integral Distinguishers Based on Division Property for 6 Lightweight Block Ciphers",
  pages =        "648--678",
  editor =       "Jung Hee Cheon and Tsuyoshi Takagi",
  booktitle =    "ASIACRYPT~2016, Part~I",
  volume =       10031,
  month =        dec,
  publisher =    "Springer, Heidelberg",
  series =       "{LNCS}",
  year =         2016,
  doi =          "10.1007/978-3-662-53887-6_24",
  eprinttype =   {iacr},
  eprint =       {2016/857},
}

