@InProceedings{C:LAAZ11,
  author =       "Gregor Leander and
                  Mohamed Ahmed Abdelraheem and
                  Hoda AlKhzaimi and
                  Erik Zenner",
  title =        "A Cryptanalysis of {PRINTcipher}: The Invariant Subspace Attack",
  booktitle =    "CRYPTO~2011",
  year =         2011,
  doi =          "10.1007/978-3-642-22792-9_12",
}

@InProceedings{C:Todo15,
  author =       "Yosuke Todo",
  title =        "Integral Cryptanalysis on Full {MISTY1}",
  booktitle =    "CRYPTO~2015",
  year =         2015,
  doi =          "10.1007/978-3-662-47989-6_20",
  eprinttype =   {iacr},
  eprint =       {2015/682},
}

@InProceedings{C:BouCan16,
  author =       "Christina Boura and
                  Anne Canteaut",
  title =        "Another View of the Division Property",
  booktitle =    "CRYPTO~2016",
  year =         2016,
  doi =          "10.1007/978-3-662-53018-4_24",
  eprinttype =   {iacr},
  eprint =       {2016/554},
}

@InProceedings{C:BCLR17,
  author =       "Christof Beierle and
                  Anne Canteaut and
                  Gregor Leander and
                  Yann Rotella",
  title =        "Proving Resistance Against Invariant Attacks: How to Choose the Round Constants",
  booktitle =    "CRYPTO~2017, Part~II",
  doi =          "10.1007/978-3-319-63715-0_22",
  year =         2017,
  eprinttype =   {iacr},
  eprint =       {2017/463},
}

@InProceedings{C:TIHM17,
  author =       "Yosuke Todo and
                  Takanori Isobe and
                  Yonglin Hao and
                  Willi Meier",
  title =        "Cube Attacks on Non-Blackbox Polynomials Based on Division Property",
  booktitle =    "CRYPTO~2017, Part~III",
  year =         2017,
  doi =          "10.1007/978-3-319-63697-9_9",
  eprinttype =   {iacr},
  eprint =       {2018/306},
}

@InProceedings{C:WHTLIM18,
  author =       "Qingju Wang and
                  Yonglin Hao and
                  Yosuke Todo and
                  Chaoyun Li and
                  Takanori Isobe and
                  Willi Meier",
  title =        "Improved Division Property Based Cube Attacks Exploiting Algebraic Properties of Superpoly",
  booktitle =    "CRYPTO~2018, Part~I",
  year =         2018,
  doi =          "10.1007/978-3-319-96884-1_10",
  eprinttype =   {iacr},
  eprint =       {2018/1063},
}

@InProceedings{EC:LeaMinRon15,
  author =       "Gregor Leander and
                  Brice Minaud and
                  Sondre R{\o}njom",
  title =        "A Generic Approach to Invariant Subspace Attacks: Cryptanalysis of Robin, {iSCREAM} and {Zorro}",
  booktitle =    "EUROCRYPT~2015, Part~I",
  year =         2015,
  doi =          "10.1007/978-3-662-46800-5_11",
}

@InProceedings{EC:Todo15,
  author =       "Yosuke Todo",
  title =        "Structural Evaluation by Generalized Integral Property",
  booktitle =    "EUROCRYPT~2015, Part~I",
  year =         2015,
  doi =          "10.1007/978-3-662-46800-5_12",
  eprinttype =   {iacr},
  eprint =       {2015/090},
}

@InProceedings{AC:SHWQMS14,
  author =       "Siwei Sun and
                  Lei Hu and
                  Peng Wang and
                  Kexin Qiao and
                  Xiaoshuang Ma and
                  Ling Song",
  title =        "Automatic Security Evaluation and (Related-key) Differential Characteristic Search: Application to {SIMON}, {PRESENT}, {LBlock}, {DES}({L}) and Other Bit-Oriented Block Ciphers",
  booktitle =    "ASIACRYPT~2014, Part~I",
  year =         2014,
  doi =          "10.1007/978-3-662-45611-8_9",
}

@InProceedings{AC:TodLeaSas16,
  author =       "Yosuke Todo and
                  Gregor Leander and
                  Yu Sasaki",
  title =        "Nonlinear Invariant Attack - Practical Attack on Full {SCREAM}, {iSCREAM}, and {Midori64}",
  booktitle =    "ASIACRYPT~2016, Part~II",
  year =         2016,
  doi =          "10.1007/978-3-662-53890-6_1",
}

@InProceedings{AC:SunWanWan17,
  author =       "Ling Sun and
                  Wei Wang and
                  Meiqin Wang",
  title =        "Automatic Search of Bit-Based Division Property for {ARX} Ciphers and Word-Based Division Property",
  booktitle =    "ASIACRYPT~2017, Part~I",
  year =         2017,
  doi =          "10.1007/978-3-319-70694-8_5",
}

@InProceedings{FSE:TodMor16,
  author =       "Yosuke Todo and
                  Masakatu Morii",
  title =        "Bit-Based Division Property and Application to Simon Family",
  booktitle =    "FSE~2016",
  year =         2016,
  doi =          "10.1007/978-3-662-52993-5_18",
  eprinttype =   {iacr},
  eprint =       {2016/285},
}

@Article{ToSC:GraRecRon16,
  author =       "Lorenzo Grassi and
                  Christian Rechberger and
                  Sondre R{\o}njom",
  title =        "Subspace Trail Cryptanalysis and its Applications to {AES}",
  volume =       2016,
  year =         2016,
  journal =      "{ToSC}",
  number =       2,
  doi =          "10.13154/tosc.v2016.i2.192-225",
}

@Article{ToSC:GJNQSM16,
  author =       "Jian Guo and
                  J{\'{e}}r{\'{e}}my Jean and
                  Ivica Nikolic and
                  Kexin Qiao and
                  Yu Sasaki and
                  Siang Meng Sim",
  title =        "Invariant Subspace Attack Against {Midori64} and The Resistance Criteria for {S-box} Designs",
  volume =       2016,
  year =         2016,
  journal =      "{ToSC}",
  number =       1,
  doi =          "10.13154/tosc.v2016.i1.33-56",
}

@Article{ToSC:LeaTezWie18,
  author =       "Gregor Leander and
                  Cihangir Tezcan and
                  Friedrich Wiemer",
  title =        "Searching for Subspace Trails and Truncated Differentials",
  volume =       2018,
  year =         2018,
  journal =      "{ToSC}",
  number =       1,
  doi =          "10.13154/tosc.v2018.i1.74-100",
}

@Article{ToSC:HalVej18,
  author =       "Mathias Hall-Andersen and
                  Philip S. Vejre",
  title =        "Generating Graphs Packed with Paths",
  volume =       2018,
  year =         2018,
  journal =      "{ToSC}",
  number =       3,
  doi =          "10.13154/tosc.v2018.i3.265-289",
}

@InProceedings{AC:XZBL16,
  author =       "Zejun Xiang and
                  Wentao Zhang and
                  Zhenzhen Bao and
                  Dongdai Lin",
  title =        "Applying {MILP} Method to Searching Integral Distinguishers Based on Division Property for 6 Lightweight Block Ciphers",
  booktitle =    "ASIACRYPT~2016, Part~I",
  doi =          "10.1007/978-3-662-53887-6_24",
  year =         2016,
  eprinttype =   {iacr},
  eprint =       {2016/857},
}

@inproceedings{SecITC:SasTod17,
    author    = {Yu Sasaki and
                 Yosuke Todo},
    title     = {New Algorithm for Modeling S-box in {MILP} Based Differential and
                 Division Trail Search},
    booktitle = {{SecITC}'17},
    year      = 2017,
    doi       = {10.1007/978-3-319-69284-5\_11},
}
