@inproceedings{blondeau_nyberg/links,
  author    = {C{\'{e}}line Blondeau and
               Kaisa Nyberg},
  title     = {{Links between Truncated Differential and Multidimensional Linear Properties
               of Block Ciphers and Underlying Attack Complexities}},
  booktitle = {{EUROCRYPT}},
  series    = {Lecture Notes in Computer Science},
  volume    = {8441},
  pages     = {165--182},
  publisher = {Springer},
  year      = {2014},
  eprinttype= {iacr},
  eprint    = {2015/184},
}
