@unpublished{paper,
    author = {Thorsten Kranz and
              Gregor Leander and
              Friedrich Wiemer},
    title = {{Linear Cryptanalysis: On Key Schedules and Tweakable Block Ciphers}},
    note = {In submission},
}
